<record xmlns="http://www.loc.gov/MARC21/slim" xmlns:xsi="http://www.w3.org/2001/XMLSchema-instance" xsi:schemaLocation="http://www.loc.gov/MARC21/slim http://www.loc.gov/standards/marcxml/schema/MARC21slim.xsd"><leader>00421cz   2200121n  4500</leader><controlfield tag="001">oca05522690 </controlfield><controlfield tag="005">20010628151154.0</controlfield><controlfield tag="008">010628n| acannaabn          |n aaa      </controlfield><datafield ind1=" " ind2=" " tag="010"><subfield code="a">n 2001040824</subfield></datafield><datafield ind1=" " ind2=" " tag="040"><subfield code="a">DLC</subfield><subfield code="b">eng</subfield><subfield code="c">DLC</subfield></datafield><datafield ind1="0" ind2=" " tag="100"><subfield code="a">Antipater,</subfield><subfield code="c">of Sidon,</subfield><subfield code="d">fl. ca. 100 B.C.</subfield></datafield><datafield ind1=" " ind2=" " tag="670"><subfield code="a">Dioscorides and Antipater of Sidon, 2001:</subfield><subfield code="b">CIP t.p.</subfield></datafield><datafield ind1=" " ind2=" " tag="670"><subfield code="a">The Oxford Companion to Classical Literature, 1969 (Antipater of Sidon, fl. c. 100 B.C.)</subfield></datafield></record>